<?xml version="1.0" encoding="UTF-8"?><record xmlns="http://www.loc.gov/MARC21/slim" xmlns:cinclude="http://apache.org/cocoon/include/1.0" xmlns:zs="http://www.loc.gov/zing/srw/">
  <leader>00340nz  a2200121n  4500</leader>
  <controlfield tag="001">n  95080331 </controlfield>
  <controlfield tag="003">DLC</controlfield>
  <controlfield tag="005">19950812105837.2</controlfield>
  <controlfield tag="008">950812n| acannaab|          |n aaa |||  </controlfield>
  <datafield tag="010" ind1=" " ind2=" ">
    <subfield code="a">n  95080331 </subfield>
  </datafield>
  <datafield tag="040" ind1=" " ind2=" ">
    <subfield code="a">DLC</subfield>
    <subfield code="c">DLC</subfield>
  </datafield>
  <datafield tag="100" ind1="1" ind2="0">
    <subfield code="a">Holmes, Reuben,</subfield>
    <subfield code="d">1800-1883</subfield>
  </datafield>
  <datafield tag="670" ind1=" " ind2=" ">
    <subfield code="a">Reuben Holmes of Marshall County, KY and descendants, 1993:</subfield>
    <subfield code="b">p. 6 (1800-1883)</subfield>
  </datafield>
</record>